% Introduction
@article{weyer1999natural,
  title={The natural history of insulin secretory dysfunction and insulin resistance in the pathogenesis of type 2 diabetes mellitus},
  author={Weyer, Christian and Bogardus, Clifton and Mott, David M and Pratley, Richard E},
  journal={The Journal of clinical investigation},
  volume={104},
  number={6},
  pages={787--794},
  year={1999},
  publisher={Am Soc Clin Investig}
}

@article{craik2013future,
  title={The future of peptide-based drugs},
  author={Craik, David J and Fairlie, David P and Liras, Spiros and Price, David},
  journal={Chemical biology \& drug design},
  volume={81},
  number={1},
  pages={136--147},
  year={2013},
  publisher={Wiley Online Library}
}

@article{youngquist1995generation,
  title={Generation and screening of combinatorial peptide libraries designed for rapid sequencing by mass spectrometry},
  author={Youngquist, R Scott and Fuentes, Gary R and Lacey, Martin P and Keough, Thomas},
  journal={Journal of the American Chemical Society},
  volume={117},
  number={14},
  pages={3900--3906},
  year={1995},
  publisher={ACS Publications}
}

@article{belda2005enpda,
  title={ENPDA: an evolutionary structure-based de novo peptide design algorithm},
  author={Belda, Ignasi and Madurga, Sergio and Llora, Xavier and Martinell, Marc and Tarrag{\'o}, Teresa and Piqueras, Mireia G and Nicol{\'a}s, Ernesto and Giralt, Ernest},
  journal={Journal of Computer-Aided Molecular Design},
  volume={19},
  number={8},
  pages={585--601},
  year={2005},
  publisher={Springer}
}


% model and data section

@article{chorowski2014end,
  title={End-to-end continuous speech recognition using attention-based recurrent NN: first results},
  author={Chorowski, Jan and Bahdanau, Dzmitry and Cho, Kyunghyun and Bengio, Yoshua},
  journal={arXiv preprint arXiv:1412.1602},
  year={2014}
}

@article{cho2014learning,
  title={Learning phrase representations using RNN encoder-decoder for statistical machine translation},
  author={Cho, Kyunghyun and Van Merri{\"e}nboer, Bart and Gulcehre, Caglar and Bahdanau, Dzmitry and Bougares, Fethi and Schwenk, Holger and Bengio, Yoshua},
  journal={arXiv preprint arXiv:1406.1078},
  year={2014}
}




% Begin Protein Model section

@article{gomez2016automatic,
  title={Automatic chemical design using a data-driven continuous representation of molecules},
  author={G{\'o}mez-Bombarelli, Rafael and Duvenaud, David and Hern{\'a}ndez-Lobato, Jos{\'e} Miguel and Aguilera-Iparraguirre, Jorge and Hirzel, Timothy D and Adams, Ryan P and Aspuru-Guzik, Al{\'a}n},
  journal={arXiv preprint arXiv:1610.02415},
  year={2016}
}


@article{giguere2013improved,
  title={Improved design and screening of high bioactivity peptides for drug discovery},
  author={Giguere, S{\'e}bastien and Laviolette, Fran{\c{c}}ois and Marchand, Mario and Tremblay, Denise and Moineau, Sylvain and Biron, {\'E}ric and Corbeil, Jacques},
  journal={arXiv preprint arXiv:1311.3573},
  year={2013}
}

@misc{tensorflow2015-whitepaper,
title={{TensorFlow}: Large-Scale Machine Learning on Heterogeneous Systems},
url={http://tensorflow.org/},
note={Software available from tensorflow.org},
author={
    Mart\'{\i}n~Abadi and
    Ashish~Agarwal and
    Paul~Barham and
    Eugene~Brevdo and
    Zhifeng~Chen and
    Craig~Citro and
    Greg~S.~Corrado and
    Andy~Davis and
    Jeffrey~Dean and
    Matthieu~Devin and
    Sanjay~Ghemawat and
    Ian~Goodfellow and
    Andrew~Harp and
    Geoffrey~Irving and
    Michael~Isard and
    Yangqing Jia and
    Rafal~Jozefowicz and
    Lukasz~Kaiser and
    Manjunath~Kudlur and
    Josh~Levenberg and
    Dan~Man\'{e} and
    Rajat~Monga and
    Sherry~Moore and
    Derek~Murray and
    Chris~Olah and
    Mike~Schuster and
    Jonathon~Shlens and
    Benoit~Steiner and
    Ilya~Sutskever and
    Kunal~Talwar and
    Paul~Tucker and
    Vincent~Vanhoucke and
    Vijay~Vasudevan and
    Fernanda~Vi\'{e}gas and
    Oriol~Vinyals and
    Pete~Warden and
    Martin~Wattenberg and
    Martin~Wicke and
    Yuan~Yu and
    Xiaoqiang~Zheng},
  year={2015},
}

@article{chung2014empirical,
  title={Empirical evaluation of gated recurrent neural networks on sequence modeling},
  author={Chung, Junyoung and Gulcehre, Caglar and Cho, KyungHyun and Bengio, Yoshua},
  journal={arXiv preprint arXiv:1412.3555},
  year={2014}
}


@inproceedings{vinyals2015grammar,
  title={Grammar as a foreign language},
  author={Vinyals, Oriol and Kaiser, {\L}ukasz and Koo, Terry and Petrov, Slav and Sutskever, Ilya and Hinton, Geoffrey},
  booktitle={Advances in Neural Information Processing Systems},
  pages={2773--2781},
  year={2015}
}

@article{feher2003property,
  title={Property distributions: differences between drugs, natural products, and molecules from combinatorial chemistry},
  author={Feher, Miklos and Schmidt, Jonathan M},
  journal={Journal of Chemical Information and Computer Sciences},
  volume={43},
  number={1},
  pages={218--227},
  year={2003},
  publisher={ACS Publications}
}

@article{hinton1994autoencoders,
  title={Autoencoders, minimum description length, and Helmholtz free energy},
  author={Hinton, Geoffrey E and Zemel, Richard S},
  journal={Advances in neural information processing systems},
  pages={3--3},
  year={1994},
  publisher={Citeseer}
}

@article{kingma2013auto,
  title={Auto-encoding variational bayes},
  author={Kingma, Diederik P and Welling, Max},
  journal={arXiv preprint arXiv:1312.6114},
  year={2013}
}




% End Protein Model section
